<record><leader>00000cas a22000007a 4500</leader><controlfield tag="001">11171798</controlfield><controlfield tag="008">840919c19709999coudn ne      0    0eng d</controlfield><datafield ind1=" " ind2=" " tag="010"><subfield code="a">sn 90051386 </subfield></datafield><datafield ind1=" " ind2=" " tag="040"><subfield code="a">COG</subfield><subfield code="b">eng</subfield><subfield code="c">COG</subfield><subfield code="d">CNQ</subfield><subfield code="d">OCLCQ</subfield></datafield><datafield ind1=" " ind2=" " tag="042"><subfield code="a">msc</subfield></datafield><datafield ind1="0" ind2="4" tag="245"><subfield code="a">The Northwest Colorado daily press.</subfield></datafield><datafield ind1="3" ind2="0" tag="246"><subfield code="a">Northwest Colorado the daily press</subfield></datafield><datafield ind1=" " ind2=" " tag="260"><subfield code="a">Craig, Colo. :</subfield><subfield code="b">N.W. Colorado Press Pub Co.</subfield></datafield><datafield ind1=" " ind2=" " tag="300"><subfield code="a">v.</subfield></datafield><datafield ind1=" " ind2=" " tag="310"><subfield code="a">Daily (except Sat. and Sun.)</subfield></datafield><datafield ind1="0" ind2=" " tag="362"><subfield code="a">Vol. 65, no. 242 (Jan. 26, 1970)-</subfield></datafield><datafield ind1=" " ind2=" " tag="500"><subfield code="a">On some issues, "Northwest Colorado" appears over "The daily press."</subfield></datafield><datafield ind1=" " ind2=" " tag="530"><subfield code="a">Available on microfilm from the Colorado Historical Society.</subfield></datafield><datafield ind1=" " ind2=" " tag="752"><subfield code="a">United States</subfield><subfield code="b">Colorado</subfield><subfield code="c">Moffat</subfield><subfield code="d">Craig.</subfield></datafield><datafield ind1="0" ind2="0" tag="780"><subfield code="t">Daily press (Craig, Colo. : 1968)</subfield><subfield code="w">(DLC)sn 90051390</subfield></datafield></record>